<record><leader>00000cas a22000007a 4500</leader><controlfield tag="001">17689062</controlfield><controlfield tag="008">880328c19849999laudn ne      0   a0eng d</controlfield><datafield ind1=" " ind2=" " tag="010"><subfield code="a">sn 88064280 </subfield></datafield><datafield ind1=" " ind2=" " tag="040"><subfield code="a">LNP</subfield><subfield code="b">eng</subfield><subfield code="c">LNP</subfield><subfield code="d">NSD</subfield><subfield code="d">LNP</subfield><subfield code="d">OCLCQ</subfield><subfield code="d">LNP</subfield><subfield code="d">OCLCQ</subfield><subfield code="d">OCLCF</subfield><subfield code="d">OCLCO</subfield></datafield><datafield ind1=" " ind2=" " tag="012"><subfield code="j">0</subfield><subfield code="m">1</subfield></datafield><datafield ind1="1" ind2=" " tag="022"><subfield code="a">1069-3548</subfield><subfield code="l">1069-3548</subfield><subfield code="2">1</subfield></datafield><datafield ind1="1" ind2=" " tag="029"><subfield code="a">AU@</subfield><subfield code="b">000025825699</subfield></datafield><datafield ind1=" " ind2=" " tag="032"><subfield code="a">309080</subfield><subfield code="b">USPS</subfield></datafield><datafield ind1=" " ind2=" " tag="042"><subfield code="a">msc</subfield><subfield code="a">nsdp</subfield></datafield><datafield ind1=" " ind2=" " tag="043"><subfield code="a">n-us-la</subfield></datafield><datafield ind1=" " ind2="4" tag="222"><subfield code="a">The Leesville daily leader</subfield></datafield><datafield ind1="0" ind2="4" tag="245"><subfield code="a">The Leesville daily leader.</subfield></datafield><datafield ind1=" " ind2=" " tag="260"><subfield code="a">Leesville, La. :</subfield><subfield code="b">Maj. Gen. Erbon W. Wise,</subfield><subfield code="c">1984-</subfield></datafield><datafield ind1=" " ind2=" " tag="300"><subfield code="a">v.</subfield></datafield><datafield ind1=" " ind2=" " tag="310"><subfield code="a">Daily (except Mon. and Sat., Christmas and New Year)</subfield></datafield><datafield ind1="0" ind2=" " tag="362"><subfield code="a">Vol. 87, no. 78 (June 12, 1984)-</subfield></datafield><datafield ind1=" " ind2=" " tag="500"><subfield code="a">Publisher varies: Sulphur, LA : News Leader, Inc., &lt;Apr. 1, 1993-&gt;</subfield></datafield><datafield ind1=" " ind2=" " tag="588"><subfield code="a">Latest issue consulted: Vol. 96, no. 60 (Apr. 1, 1993).</subfield></datafield><datafield ind1=" " ind2="0" tag="651"><subfield code="a">Leesville (La.)</subfield><subfield code="v">Newspapers.</subfield></datafield><datafield ind1=" " ind2="0" tag="651"><subfield code="a">Sulphur (La.)</subfield><subfield code="v">Newspapers.</subfield></datafield><datafield ind1=" " ind2="7" tag="655"><subfield code="a">Newspapers.</subfield><subfield code="2">fast</subfield><subfield code="0">(OCoLC)fst01423814</subfield></datafield><datafield ind1=" " ind2="7" tag="651"><subfield code="a">Louisiana</subfield><subfield code="z">Leesville.</subfield><subfield code="2">fast</subfield><subfield code="0">(OCoLC)fst01217774</subfield></datafield><datafield ind1=" " ind2="7" tag="651"><subfield code="a">Louisiana</subfield><subfield code="z">Sulphur.</subfield><subfield code="2">fast</subfield><subfield code="0">(OCoLC)fst01213380</subfield></datafield><datafield ind1=" " ind2=" " tag="752"><subfield code="a">United States</subfield><subfield code="b">Louisiana</subfield><subfield code="c">Vernon</subfield><subfield code="d">Leesville.</subfield></datafield><datafield ind1=" " ind2=" " tag="752"><subfield code="a">United States</subfield><subfield code="b">Louisiana</subfield><subfield code="c">Calcasieu</subfield><subfield code="d">Sulphur.</subfield></datafield><datafield ind1="0" ind2="0" tag="780"><subfield code="t">Leesville leader</subfield><subfield code="x">0747-1998</subfield><subfield code="w">(DLC)sn 84009669</subfield><subfield code="w">(OCoLC)10632139</subfield></datafield></record>